% Encoding: UTF-8
@STRING{LNCS = {Lect. Notes Comp. Sci.}}

@INPROCEEDINGS{Leupolz2017,
	author="Leupolz, Johannes and Knapp, Alexander and Habermaier, Axel and Reif, Wolfgang",
	title={{Qualitative and Quantitative Analysis of Safety-Critical Systems with S\#}},
	bookTitle="International Journal on Software Tools for Technology Transfer",
	year="2017",
	issn    = {1433-2779},
	OPTdoi     = {10.1007/s10009-017-0464-3},
	publisher="Springer"
}
@PhdThesis{BaierHabil,
  author = 	 {Baier, Christel},
  title = 	 {On the Algorithmic Verification of Probabilistic Systems},
  school = 	 {Universit\"at Mannheim},
  year = 	 1998,
  type =	 {Habilitation}
}
@Book{BaierKatoen,
  author      = {Baier, Christel and Katoen, Joost-Pieter},
  title       = {Principles of Model Checking},
  year        = {2008},
  publisher   = {{MIT Press}},
  isbn        = {978-0-262-02649-9},
  address     = {Cambridge, MA},
  hyphenation = {american},
}

@online{SSharpGitRepo,
  author = {{Institute of Software and Systems Engineering}},
  title = {{S\# Source Repository}},
  howpublished = "\url{https://github.com/isse-augsburg/ssharp/}",
  year = {2018}, 
  URLDATE ="2018-01-30",
  OPTnote = "Online; accessed Jan 30th 2018"
}
@online{SSharpRepo,
  author = {{Institute of Software and Systems Engineering}},
  title = {{S\# Source Repository and Wiki}},
  howpublished = "\url{https://safetysharp.isse.de/}",
  year = {2018}, 
  URLDATE ="2018-01-30",
  OPTnote = "Online; accessed Jan 30th 2018",
  shorthand = {ISSE18},
}
@online{SSharpWiki,
  author = {{Institute of Software and Systems Engineering}},
  title = {{S\# Source Repository and Wiki}},
  howpublished = "\url{https://github.com/isseaugsburg/ssharp/wiki}",
  year = {2018}, 
  URLDATE ="2018-01-30",
  OPTnote = "Online; accessed Jan 30th 2018"
}

@PhDThesis{ParkerPhD,
	author={D. Parker},
	title={Implementation of Symbolic Model Checking for Probabilistic Systems},
	school={University of Birmingham},
	year={2002},
}

@PhDThesis{LeupolzPhD,
	author="Leupolz, Johannes",
	title={{Probabilistic Safety Analysis of Executable Models}},
	school={University of Augsburg},
	type = {Dissertation},
	year={2018},
}
